@misc{slide,
author = {Di Maggio Rosa},
title = {Slide presentate a lezione}
}

@book{smith,
author = {William F. Smith},
title = {Scienza e tecnologia dei materiali},
publisher = {McGraw-Hill Companies},
year = {1995}
}

